<?xml version = "1.0" encoding = "UTF-8"?><OAI-PMH xmlns="http://www.openarchives.org/OAI/2.0/" xmlns:xsi="http://www.w3.org/2001/XMLSchema-instance" xsi:schemaLocation="http://www.openarchives.org/OAI/2.0/ http://www.openarchives.org/OAI/2.0/OAI-PMH.xsd"><ListRecords><record><header><identifier>aleph-publish:006462038</identifier></header><metadata><record xmlns="http://www.ddb.de/professionell/mabxml/mabxml-1.xsd"><leader>00439vM2.01200024------h</leader><controlfield tag="LDR">00439vM2.01200024------h</controlfield><controlfield tag="FMT">MH</controlfield><datafield tag="001" ind1="-" ind2="1"><subfield code="a">HT004176373</subfield></datafield><datafield tag="002" ind1="a" ind2="1"><subfield code="a">19990803</subfield></datafield><datafield tag="003" ind1="-" ind2="1"><subfield code="a">20020111</subfield></datafield><controlfield tag="030">e|1uc||||||17</controlfield><datafield tag="036" ind1="a" ind2="1"><subfield code="a">DX</subfield></datafield><datafield tag="037" ind1="b" ind2="1"><subfield code="a">ger</subfield></datafield><controlfield tag="050">a|||||||||||||</controlfield><controlfield tag="051">s|||||||</controlfield><datafield tag="070" ind1="-" ind2="1"><subfield code="a">5</subfield></datafield><datafield tag="070" ind1="b" ind2="1"><subfield code="a">HBZ/Red</subfield></datafield><datafield tag="080" ind1="-" ind2="1"><subfield code="a">60</subfield></datafield><datafield tag="100" ind1="-" ind2="1"><subfield code="p">Wasmann, Erich</subfield><subfield code="d">1859-1931</subfield><subfield code="9">(DE-588)118806319</subfield></datafield><datafield tag="101" ind1="-" ind2="1"><subfield code="p">Wasmann, P. E.</subfield><subfield code="d">1859-1931</subfield></datafield><datafield tag="101" ind1="-" ind2="1"><subfield code="p">Wasmann, E.</subfield><subfield code="d">1859-1931</subfield></datafield><datafield tag="101" ind1="-" ind2="1"><subfield code="p">Wasmann, Enrico</subfield><subfield code="d">1859-1931</subfield></datafield><datafield tag="101" ind1="-" ind2="1"><subfield code="p">Wasmann, Eryk</subfield><subfield code="d">1859-1931</subfield></datafield><datafield tag="101" ind1="-" ind2="1"><subfield code="p">Vasmann, Erich</subfield><subfield code="d">1859-1931</subfield></datafield><datafield tag="331" ind1="-" ind2="1"><subfield code="a">&lt;&lt;Die&gt;&gt; psychischen Fähigkeiten der Ameisen</subfield></datafield><datafield tag="335" ind1="-" ind2="1"><subfield code="a">(zugleich 95. Beitrag zur Kenntnis der Myrmekophilen und Termitophilen)</subfield></datafield><datafield tag="359" ind1="-" ind2="1"><subfield code="a">von E[rich] Wasmann</subfield></datafield><datafield tag="410" ind1="-" ind2="1"><subfield code="a">Stuttgart</subfield></datafield><datafield tag="412" ind1="-" ind2="1"><subfield code="a">Nägele</subfield></datafield><datafield tag="425" ind1="a" ind2="1"><subfield code="a">1899</subfield></datafield><datafield tag="433" ind1="-" ind2="1"><subfield code="a">VI, 132 S. : Ill.</subfield></datafield><datafield tag="451" ind1="-" ind2="1"><subfield code="a">Zoologica ; 26</subfield></datafield><datafield tag="453" ind1="-" ind2="1"><subfield code="a">HT001236436</subfield></datafield><datafield tag="455" ind1="-" ind2="1"><subfield code="a">26</subfield></datafield><datafield tag="456" ind1="-" ind2="1"><subfield code="a">26</subfield></datafield><controlfield tag="SYS">006462038</controlfield><datafield tag="LOW" ind1="-" ind2="1"><subfield code="a">Q0003</subfield></datafield><datafield tag="088" ind1=" " ind2=" "><subfield code="a">HBZ/Schul 1</subfield></datafield><datafield tag="088" ind1=" " ind2=" "><subfield code="a">5 N</subfield></datafield></record></metadata></record></ListRecords></OAI-PMH>